@book{xss,
	author = {Paul Sebastian Ziegler},
	title = {Cross-Site-Scripting},
	year = {2008},
	publisher = {O'Reilly Verlag GmbH \& Co. KG},
	ISBN = {978-3-89721-539-9}
}
@book{js,
	author = {Ross Harmes and Dustin Diaz},
	title = {JavaScript Objektorientierung und Entwurfsmuster},
	year = {2008"},
	publisher = {Franzis Verlag GmbH},
	ISBN = {978-3-7723-6488-4}
}
@book{design,
	author = {Jeffrey Zeldman},
	title = {Webdesign mit Webstandards},
	year = {2007},
	publisher = {Addison-Wesley Verlag},
	ISBN = {978-3-8273-2732-1}
}
@Book{php5,
	author = {Matthias Kannengiesser},
	title = {Objektorientierte Programmierung mit PHP5},
	publisher = {Franzis Verlag GmbH},
	year = {2007},
	ISBN = {978-3-7723-6296-5},
}
@Book{ajax,
	author = {Tobias Hauser},
	title = {AJAX - Web 2.0-Anwendungen mit JavaScript und XML},
	publisher = {Markt + Technik Verlag},
	year = {2007},
	ISBN = {978-3-82272-4175-7},
}
@Book{mysql,
	author = {Matthias Kannengieser},
	title = {Webseiten mit PHP5 \& MySQL5},
	publisher = {Markt + Technik Verlag},
	year = {2007},
	ISBN = {978-3-8272-4243-3},
}
@Book{ergonomie,
	author = {Heide Balzert},
	title = {Webdesign \& Web-Ergonomie},
	publisher = {W3L GmbH},
	year = {2004},
	ISBN = {3-937137-02-5},
}
@Mastersthesis{sis,
	author = {Manuel Lang and Michael Schweisgut and Mario Thaler},
	title = {SIS},
	school = {HTL Anichstra√üe},
	year = {2001/2002},
	type = {Diplomarbeit},
}
@misc{w3schools,
	author = {Refsnes Data},
	title = {W3Schools},
	year = {1999-2014},
	howpublished = {\url{http://www.w3schools.com/}},
	note = {Besucht: 2014-04-28}
}
@misc{phpnet,
	author = {The PHP Group},
	title = {PHP.net},
	year = {2001-2014},
	howpublished = {\url{http://www.php.net/}},
	note = {Besucht: 2014-05-05}
}